@article{glove,
	title={Glove: Global vectors for word representation},
	author={Pennington, Jeffrey and Socher, Richard and Manning, Christopher D},
	journal={Proceedings of the Empiricial Methods in Natural Language Processing (EMNLP 2014)},
	volume={12},
	pages={1532--1543},
	year={2014}
}
@article{levy,
	title={Linguistic regularities in sparse and explicit word representations},
	author={Levy, Omer and Goldberg, Yoav and Ramat-Gan, Israel},
	journal={CoNLL-2014},
	pages={171},
	year={2014}
}
